@misc{nasser_2021,
	title        = {The U.S. joins other countries with large aging populations},
	author       = {Nasser, Haya El},
	year         = 2021,
	month        = {Oct},
	journal      = {Census.gov},
	url          = {https://www.census.gov/library/stories/2018/03/graying-america.html}
}
@misc{pillsy_info,
	title        = {15 frightening stats on medication adherence (plus infographic)},
	author       = {L., Jeff},
	year         = 2018,
	month        = {May},
	publisher    = {Pillsy},
	url          = {https://www.pillsy.com/articles/medication-adherence-stats}
}
@misc{pillsy,
	title        = {Smart Pill Bottle and app},
	author       = {Inc., Pillsy},
	year         = 2021,
	journal      = {Smart Pill Bottle and App},
	publisher    = {Pillsy},
	url          = {https://www.pillsy.com/smart-pill-bottle-and-app}
}
@misc{aidia,
	title        = {Always on time with Aidia},
	author       = {Aidia, AdhereTech},
	year         = 2021,
	journal      = {adheretech.com},
	url          = {https://www.adheretech.com/how-aidia-works/}
}
@misc{jini,
	author       = {Inc, Jini Health},
	year         = 2021,
	publisher    = {Jini Health Inc},
	url          = {https://jinihealth.com/products/}
}
@misc{pillsy_amazon,
	title        = {Amazon.com Pillsy Customer Reviews},
	author       = {Amazon, Amazon},
	year         = 2021,
	journal      = {Amazon.com},
	url          = {https://www.amazon.com/Pillsy-Reminder-Vitamin-Bluetooth-Smartphone/dp/B076LBZ36Y}
}
@misc{ecthler,
	title        = {Floe/BTLE: Arduino Library for basic bluetooth low energy with the NRF24L01+},
	author       = {Ecthler, Florian},
	year         = 2017,
	journal      = {GitHub},
	url          = {https://github.com/floe/BTLE}
}
@misc{tile,
	title        = {Battery life - tile support},
	author       = {Company, Tile},
	year         = 2021,
	journal      = {Tile Support},
	url          = {https://tileteam.zendesk.com/hc/en-us/articles/360023759353-Battery-Life-}
}